@book{gratzer2014practical,
  title={Practical LaTeX},
  author={Gr{\"a}tzer, George},
  year={2014},
  publisher={Springer}
}
@book{2017,
  title={LaTeX 2017},
  author={Borbón A, Alexander, Mora, F., Walter },
  year={2017},
  publisher={Revista Digital Matemática}
}
