@book{primerart,
  title={Introducci{\'o}n a la Miner{\'\i}a de Datos},
  author={Orallo, Jos{\'e} Hern{\'a}ndez and Quintana, Mar{\'\i}a Jos{\'e} Ram{\'\i}rez and Ram{\'\i}rez, C{\'e}sar Ferri},
  year={2004},
  publisher={Pearson Prentice Hall}
}